<record><leader>00000cas a2200000 a 4500</leader><controlfield tag="001">13001961</controlfield><controlfield tag="008">860110d18811881ksuwr ne      0    0eng d</controlfield><datafield ind1=" " ind2=" " tag="010"><subfield code="a">sn 85066901 </subfield></datafield><datafield ind1=" " ind2=" " tag="040"><subfield code="a">KSH</subfield><subfield code="b">eng</subfield><subfield code="c">KSH</subfield><subfield code="d">NPT</subfield><subfield code="d">OCL</subfield><subfield code="d">OCLCQ</subfield></datafield><datafield ind1=" " ind2=" " tag="042"><subfield code="a">msc</subfield></datafield><datafield ind1="0" ind2=" " tag="130"><subfield code="a">Kawsmouth pilot (Wyandott City, Kan.)</subfield></datafield><datafield ind1="1" ind2="4" tag="245"><subfield code="a">The Kawsmouth pilot.</subfield></datafield><datafield ind1="1" ind2="3" tag="246"><subfield code="a">Kawsmouth</subfield><subfield code="f">June 4-Sept. 3, 1881</subfield></datafield><datafield ind1=" " ind2=" " tag="260"><subfield code="a">Wyandott City, Kan. :</subfield><subfield code="b">Kawsmouth Print. and Pub. Co.,</subfield><subfield code="c">1881.</subfield></datafield><datafield ind1=" " ind2=" " tag="300"><subfield code="a">1 v. ;</subfield><subfield code="c">38 cm.</subfield></datafield><datafield ind1=" " ind2=" " tag="310"><subfield code="a">Weekly</subfield></datafield><datafield ind1="0" ind2=" " tag="362"><subfield code="a">Vol. 1, no. 1 (Mar. 5, 1881)-v. 1, no. 27 (Sept. 3, 1881) = whole no. 144-170.</subfield></datafield><datafield ind1=" " ind2=" " tag="500"><subfield code="a">"Republican."</subfield></datafield><datafield ind1=" " ind2=" " tag="580"><subfield code="a">Also issued in a daily edition.</subfield></datafield><datafield ind1=" " ind2=" " tag="752"><subfield code="a">United States</subfield><subfield code="b">Kansas</subfield><subfield code="c">Wyandotte</subfield><subfield code="d">Wyandotte.</subfield></datafield><datafield ind1="1" ind2=" " tag="775"><subfield code="t">Kawsmouth pilot (Wyandotte, Kan.)</subfield><subfield code="w">(DLC)sn 85066891</subfield></datafield><datafield ind1="0" ind2="0" tag="780"><subfield code="t">Kansas pilot (Kansas City, Kan.)</subfield><subfield code="w">(DLC)sn 85032328</subfield></datafield><datafield ind1="0" ind2="0" tag="785"><subfield code="t">Wyandotte republican (Wyandotte, Kan. : Weekly)</subfield><subfield code="w">(DLC)sn 85066906</subfield></datafield><datafield ind1="1" ind2=" " tag="029"><subfield code="a">AU@</subfield><subfield code="b">000022170418</subfield></datafield></record>